
<record>
    <datafield tag="191" ind1=" " ind2=" ">
        <subfield code="a">E/ESCWA/SDD/2017/TECHNICAL PAPER.8</subfield>
    </datafield>
    <datafield tag="245" ind1=" " ind2=" ">
        <subfield code="a">SOCIAL DEVELOPMENT BULLETIN : INTERNATIONAL HUMAN RIGHTS LAW AND THE 2030 AGENDA FOR SUSTAINABLE DEVELOPMENT, VOLUME 6, ISSUE 3</subfield>
    </datafield>
    <datafield tag="246" ind1=" " ind2=" ">
        <subfield code="a"></subfield>
    </datafield>
    <datafield tag="269" ind1=" " ind2=" ">
        <subfield code="a">2017-11-01</subfield>
    </datafield>
</record>