
<record>
    <datafield tag="191" ind1=" " ind2=" ">
        <subfield code="a">E/ESCWA/SDPD/2017/TOOLKIT.3</subfield>
    </datafield>
    <datafield tag="245" ind1=" " ind2=" ">
        <subfield code="a">DEVELOPING THE CAPACITY OF ESCWA MEMBER COUNTRIES TO ADDRESS THE WATER AND ENERGY NEXUS FOR ACHIEVING SUSTAINABLE DEVELOPMENT GOALS WATER AND ENERGY NEXUS OPERATIONAL TOOLKIT : TECHNOLOGY TRANSFER MODULE</subfield>
    </datafield>
    <datafield tag="246" ind1=" " ind2=" ">
        <subfield code="a"></subfield>
    </datafield>
    <datafield tag="269" ind1=" " ind2=" ">
        <subfield code="a">2017-11-06</subfield>
    </datafield>
</record>