
<record>
    <datafield tag="191" ind1=" " ind2=" ">
        <subfield code="a">E/ESCWA/SDPD/2017/WG.9/REPORT</subfield>
    </datafield>
    <datafield tag="245" ind1=" " ind2=" ">
        <subfield code="a">REPORT : REGIONAL CAPACITY BUILDING WORKSHOP ON THE WATER-ENERGY NEXUS OPERATIONAL TOOLKIT: RENEWABLE ENERGY BEIRUT, 11-12 JULY 2017</subfield>
    </datafield>
    <datafield tag="246" ind1=" " ind2=" ">
        <subfield code="a"></subfield>
    </datafield>
    <datafield tag="269" ind1=" " ind2=" ">
        <subfield code="a">2017-09-12</subfield>
    </datafield>
</record>