
<record>
    <datafield tag="191" ind1=" " ind2=" ">
        <subfield code="a">E/ESCWA/EDID/2017/TECHNICAL PAPER.11</subfield>
    </datafield>
    <datafield tag="245" ind1=" " ind2=" ">
        <subfield code="a">THE EFFECT OF GOVERNANCE ON THE ALLOCATION OF EXPENDITURE AND THE DISTRIBUTION OF REVENUE: EVIDENCE FROM SELECTED ARAB COUNTRIES</subfield>
    </datafield>
    <datafield tag="246" ind1=" " ind2=" ">
        <subfield code="a"></subfield>
    </datafield>
    <datafield tag="269" ind1=" " ind2=" ">
        <subfield code="a">2017-08-17</subfield>
    </datafield>
</record>