
<record>
    <datafield tag="191" ind1=" " ind2=" ">
        <subfield code="a">E/ESCWA/SD/2017/WG.3/REPORT</subfield>
    </datafield>
    <datafield tag="245" ind1=" " ind2=" ">
        <subfield code="a">REPORT : SECOND MEETING OF THE TASK FORCE ON THE POPULATION AND HOUSING CENSUSES IN ARAB COUNTRIES, 2020 CENSUS ROUND CAIRO, 22-23 JANUARY 2017</subfield>
    </datafield>
    <datafield tag="246" ind1=" " ind2=" ">
        <subfield code="a"> تقرير:  الاجتماع الثاني  لفريق العمل الاقليمي للدول العربية حول دورة عام  2020 لتعدادات السكان والمساكن، القاهرة 22 - 23 كانون الثاني / يناير 2017</subfield>
    </datafield>
    <datafield tag="269" ind1=" " ind2=" ">
        <subfield code="a">2017-09-27</subfield>
    </datafield>
</record>