
<record>
    <datafield tag="191" ind1=" " ind2=" ">
        <subfield code="a">E/ESCWA/EDID/2017/IG.3/3(PART II)</subfield>
    </datafield>
    <datafield tag="245" ind1=" " ind2=" ">
        <subfield code="a">PROGRESS ACHIEVED IN THE LIBERALIZATION OF FOREIGN TRADE : IMPLEMENTATION OF FOREIGN TRADE LIBERALIZATION ACTIVITIES UNDER THE ESCWA PROGRAMME OF WROK AND TECHNICAL COOPERATION SINCE THE TENTH SESSION OF THE COMMITTEE : ECONOMIC AND SOCIAL COMMISSION FOR WESTERN ASIA (ESCWA) COMMITTEE ON LIBERALIZATION OF FOREIGN TRADE, ECONOMIC GLOBALIZATION AND FINANCING FOR DEVELOPMENT, ELEVENTH SESSION (LIBERALIZATION OF FOREIGN TRADE), BEIRUT, 27 - 28 NOVEMBER 2017</subfield>
    </datafield>
    <datafield tag="246" ind1=" " ind2=" ">
        <subfield code="a">التقدم المحرز في مجال تحرير التجارة الخارجية : تنفيذ الانشطة المتعلقة بتحرير التجارة الخارجية في اطار برنامج عمل الاسكوا وأنشطة التعاون الفني منذ الدورة العاشرة للجنة : اللجنة الاقتصادية والاجتماعية لغربي آسيا (الاسكوا). اللجنة المعنية بتحرير التجارة الخارجية والعولمة الاقتصادية وتمويل التنمية، الدورة الحادية عشرة (تحرير التجارة الخارجية)، بيروت، 27 - 28 تشرين الثاني/نوفمبر 2017</subfield>
    </datafield>
    <datafield tag="269" ind1=" " ind2=" ">
        <subfield code="a">2017-08-17</subfield>
    </datafield>
</record>