
<record>
    <datafield tag="191" ind1=" " ind2=" ">
        <subfield code="a">E/ESCWA/EDID/2017/IG.2/6/PANEL</subfield>
    </datafield>
    <datafield tag="245" ind1=" " ind2=" ">
        <subfield code="a">FINANCING THE  2030 AGENDA FOR SUSTAINABLE DEVELOPMENT IN THE ARAB REGION : DOMESTIC RESOURCE MOBILIZATION BY CURBING ILLICIT FINANCIAL FLOWS AND TRADE MISINFORMING (PANEL DISCUSSION) : ECONOMIC AND SOCIAL COMMISSION FOR WESTERN ASIA (ESCWA) COMMITTEE ON LIBERALIZATION OF FOREIGN TRADE, ECONOMIC GLOBALIZATION AND FINANCING FOR DEVELOPMENT, TWELFTH SESSION (FINANCING FOR DEVELOPMENT), BEIRUT, 4 - 5 DECEMBER 2017</subfield>
    </datafield>
    <datafield tag="246" ind1=" " ind2=" ">
        <subfield code="a">تمويل خطة التنمية لعام 2030 في المنطقة العربية : تعبئة الموارد المحلية من خلال كبح التدفقات المالية غير المشروعة والتلاعب بالفواتير التجارية (حلقة نقاش) : اللجنة الاقتصادية والاجتماعية لغربي آسيا (الاسكوا). اللجنة المعنية بتحرير التجارة الخارجية والعولمة الاقتصادية وتمويل التنمية، الدورة الثانية عشرة (تمويل التنمية)، بيروت، 4 - 5 كانون الاول/ديسمبر 2017</subfield>
    </datafield>
    <datafield tag="269" ind1=" " ind2=" ">
        <subfield code="a">2018-08-09</subfield>
    </datafield>
</record>