
<record>
    <datafield tag="191" ind1=" " ind2=" ">
        <subfield code="a">E/ESCWA/SD/2017/IG.1/7/REPORT</subfield>
    </datafield>
    <datafield tag="245" ind1=" " ind2=" ">
        <subfield code="a">REPORT : TWELFTH SESSION OF THE STATISTICAL COMMITTEE, BEIRUT, 4 - 5 APRIL 2017</subfield>
    </datafield>
    <datafield tag="246" ind1=" " ind2=" ">
        <subfield code="a">تقرير اللجنة الاحصائية عن دورتها الثانية عشرة، بيروت، 4 -5 نيسان/ابريل 2017</subfield>
    </datafield>
    <datafield tag="269" ind1=" " ind2=" ">
        <subfield code="a">2017-10-09</subfield>
    </datafield>
</record>