
<record>
    <datafield tag="191" ind1=" " ind2=" ">
        <subfield code="a">E/ESCWA/EDID/2017/IG.1/8</subfield>
    </datafield>
    <datafield tag="245" ind1=" " ind2=" ">
        <subfield code="a">ROAD SAFETY IN THE ARAB STATES AND CHALLENGES TO IMPLEMENTING THE DECADE OF ACTION FOR ROAD SAFETY 2011 - 2020 : ECONOMIC AND SOCIAL COMMISSION FOR WESTERN ASIA (ESCWA), COMMITTEE ON TRANSPORT AND LOGISTICS, EIGHTEENTH SESSION, 20 - 21 DECEMBER 2017</subfield>
    </datafield>
    <datafield tag="246" ind1=" " ind2=" ">
        <subfield code="a">سلامة المرور في الدول العربية وتحديات تنفيذ عقد العمل من اجل السلامة على الطرق 2011 - 2020 : اللجنة الاقتصادية والاجتماعية لغربي آسيا (الاسكوا). لجنة النقل واللوجستيات، الدورة الثامنة عشرة، بيروت، 20-21 كانون الاول/ديسمبر 2017</subfield>
    </datafield>
    <datafield tag="269" ind1=" " ind2=" ">
        <subfield code="a">2017-12-15</subfield>
    </datafield>
</record>