
<record>
    <datafield tag="191" ind1=" " ind2=" ">
        <subfield code="a">E/ESCWA/2017/EC.4/4(PART II)</subfield>
    </datafield>
    <datafield tag="245" ind1=" " ind2=" ">
        <subfield code="a">REGIONAL AND GLOBAL ISSUES : IMPLEMENTATION MECHANISMS OF THE ADDIS ABABA ACTION AGENDA : GLOBAL COMMITMENTS VERSUS ARAB PRIORITIES IN THE FIELD OF FINANCING FOR DEVELOPMENT : ECONOMIC AND SOCIAL COMMISSION FOR WESTERN ASIA (ESCWA). EXECUTIVE COMMITTEE, FOURTH MEETING, BEIRUT, 13 - 14 DECEMBER 2017</subfield>
    </datafield>
    <datafield tag="246" ind1=" " ind2=" ">
        <subfield code="a">القضايا الاقليمية والعالمية : آليات تنفيذ خطة عمل اديس ابابا : الالتزامات العالمية مقابل اولويات المنطقة العربية في مجال تمويل التنمية : اللجنة الاقتصادية والاجتماعية لغربي آسيا. اللجنة التنفيذية، الاجتماع الرابع، بيروت، 13 - 14 كانون الاول/ديسمبر 2017</subfield>
    </datafield>
    <datafield tag="269" ind1=" " ind2=" ">
        <subfield code="a">2017-11-01</subfield>
    </datafield>
</record>