
<record>
    <datafield tag="191" ind1=" " ind2=" ">
        <subfield code="a">E/ESCWA/SDPD/2017/TECHNICAL PAPER.10</subfield>
    </datafield>
    <datafield tag="245" ind1=" " ind2=" ">
        <subfield code="a">PROGRESS ON SUSTAINABLE CONSUMPTION AND PRODUCTION IN THE ARAB REGION (DRAFT) : COMPREHENSIVE BASELINE ASSESSMENT OF REGIONAL, SUB-REGIONAL AND NATIONAL PROGRESS AND CHALLENGES FOR ACHIEVING SCP AND THE SDGS</subfield>
    </datafield>
    <datafield tag="246" ind1=" " ind2=" ">
        <subfield code="a"></subfield>
    </datafield>
    <datafield tag="269" ind1=" " ind2=" ">
        <subfield code="a">2017-12-21</subfield>
    </datafield>
</record>