
<record>
    <datafield tag="191" ind1=" " ind2=" ">
        <subfield code="a">E/ESCWA/SDPD/2017/TECHNICAL PAPER.15</subfield>
    </datafield>
    <datafield tag="245" ind1=" " ind2=" ">
        <subfield code="a"></subfield>
    </datafield>
    <datafield tag="246" ind1=" " ind2=" ">
        <subfield code="a">تأثير ترشيد دعم أسعار الطاقة على الترويج لكفاءة الطاقة والطاقة المتجددة في الدول العربية ، كانون الأول/ديسمبر 2017</subfield>
    </datafield>
    <datafield tag="269" ind1=" " ind2=" ">
        <subfield code="a">2018-01-08</subfield>
    </datafield>
</record>