
<record>
    <datafield tag="191" ind1=" " ind2=" ">
        <subfield code="a">E/ESCWA/SDPD/2015/2/MANUAL</subfield>
    </datafield>
    <datafield tag="245" ind1=" " ind2=" ">
        <subfield code="a">PROMOTING ENERGY EFFICIENCY INVESTMENTS FOR CLIMATE CHANGE MITIGATION AND SUSTAINABLE DEVELOPMENT : A GUIDEBOOK FOR PROJECT DEVELOPERS FOR PREPARING ENERGY EFFICIENCY INVESTMENTS BUSINESS PLANS</subfield>
    </datafield>
    <datafield tag="246" ind1=" " ind2=" ">
        <subfield code="a"></subfield>
    </datafield>
    <datafield tag="269" ind1=" " ind2=" ">
        <subfield code="a">2015-06-04</subfield>
    </datafield>
</record>