
<record>
    <datafield tag="191" ind1=" " ind2=" ">
        <subfield code="a">E/ESCWA/SDPD/2017/TECHNICAL PAPER.11</subfield>
    </datafield>
    <datafield tag="245" ind1=" " ind2=" ">
        <subfield code="a">METHODOLOGY FOR MEASURING SUSTAINABLE DEVELOPMENT TARGETS AND INDICATORS RELATED TO FOOD SECURITY: A REVIEW OF SELECTED METHODOLOGIES TO ASSESS FOOD SECURITY</subfield>
    </datafield>
    <datafield tag="246" ind1=" " ind2=" ">
        <subfield code="a"></subfield>
    </datafield>
    <datafield tag="269" ind1=" " ind2=" ">
        <subfield code="a">2017-12-21</subfield>
    </datafield>
</record>