
<record>
    <datafield tag="191" ind1=" " ind2=" ">
        <subfield code="a">E/ESCWA/SDPD/2014/WP.1</subfield>
    </datafield>
    <datafield tag="245" ind1=" " ind2=" ">
        <subfield code="a">AN ACCOUNTABILITY FRAMEWORK FOR THE POST-2015 DEVELOPMENT AGENDA: AN ARAB REGIONAL PERSPECTIVE</subfield>
    </datafield>
    <datafield tag="246" ind1=" " ind2=" ">
        <subfield code="a"></subfield>
    </datafield>
    <datafield tag="269" ind1=" " ind2=" ">
        <subfield code="a">2014-12-16</subfield>
    </datafield>
</record>