
<record>
    <datafield tag="191" ind1=" " ind2=" ">
        <subfield code="a">E/ESCWA/SDPD/2017/PAMPHLET.1</subfield>
    </datafield>
    <datafield tag="245" ind1=" " ind2=" ">
        <subfield code="a">GREEN HELP DESKS FURTH﻿ER GREEN TECHNOLOGIES IN THE ARAB REGION GREEN HELP DESKS IN SIX ARAB COUNTRIES SUPPORTING TECHNOLOGY TRANSFER</subfield>
    </datafield>
    <datafield tag="246" ind1=" " ind2=" ">
        <subfield code="a"></subfield>
    </datafield>
    <datafield tag="269" ind1=" " ind2=" ">
        <subfield code="a">2017-12-26</subfield>
    </datafield>
</record>