
<record>
    <datafield tag="191" ind1=" " ind2=" ">
        <subfield code="a">E/ESCWA/SDD/2017/TECHNICAL PAPER.7</subfield>
    </datafield>
    <datafield tag="245" ind1=" " ind2=" ">
        <subfield code="a">SOCIAL HOUSING IN THE ARAB REGION: AN OVERVIEW OF POLICIES FOR LOW-INCOME HOUSEHOLDS’ ACCESS TO ADEQUATE HOUSING</subfield>
    </datafield>
    <datafield tag="246" ind1=" " ind2=" ">
        <subfield code="a"></subfield>
    </datafield>
    <datafield tag="269" ind1=" " ind2=" ">
        <subfield code="a">2017-08-01</subfield>
    </datafield>
</record>