
<record>
    <datafield tag="191" ind1=" " ind2=" ">
        <subfield code="a">E/ESCWA/SDPD/2017/TECHNICAL PAPER.12</subfield>
    </datafield>
    <datafield tag="245" ind1=" " ind2=" ">
        <subfield code="a">ENHANCING ENVIRONMENTAL PROTECTION IN THE ARAB REGION THROUGH IMPLEMENTING THE ENVIRONMENTAL DIMENSION OF SDGS</subfield>
    </datafield>
    <datafield tag="246" ind1=" " ind2=" ">
        <subfield code="a"></subfield>
    </datafield>
    <datafield tag="269" ind1=" " ind2=" ">
        <subfield code="a">2017-12-21</subfield>
    </datafield>
</record>