
<record>
    <datafield tag="191" ind1=" " ind2=" ">
        <subfield code="a">E/ESCWA/OES/2015/WP.7</subfield>
    </datafield>
    <datafield tag="245" ind1=" " ind2=" ">
        <subfield code="a">OPPORTUNITIES FOR EARLY CHILDHOOD DEVELOPMENT IN ARAB COUNTRIES: PROFILE AND EVOLUTION OF INEQUALITY AND ITS SOURCES</subfield>
    </datafield>
    <datafield tag="246" ind1=" " ind2=" ">
        <subfield code="a"></subfield>
    </datafield>
    <datafield tag="269" ind1=" " ind2=" ">
        <subfield code="a">2015-12-29</subfield>
    </datafield>
</record>