
<record>
    <datafield tag="191" ind1=" " ind2=" ">
        <subfield code="a">E/ESCWA/EDID/2017/IG.2/9/REPORT</subfield>
    </datafield>
    <datafield tag="245" ind1=" " ind2=" ">
        <subfield code="a"></subfield>
    </datafield>
    <datafield tag="246" ind1=" " ind2=" ">
        <subfield code="a">تقرير اللجنة المعنية بتحرير التجارة الخارجية والعولمة الاقتصادية وتمويل التنمية عن دورتها الثانية عشرة(تمويل التنمية)، بيروت، 4 - 5 كانون الأول/ديسمبر 2017</subfield>
    </datafield>
    <datafield tag="269" ind1=" " ind2=" ">
        <subfield code="a">2018-01-16</subfield>
    </datafield>
</record>